% This file was created with JabRef 2.10b2.
% Encoding: Cp1252


@misc{hokuyo.2018,
  author   = {{Hokuyo Automatic}},
  title    = {datasheet},
  url      = {https://www.robotshop.com/media/files/pdf/hokuyo-urg-04lx-ug01-specifications.pdf}, 
  urldate  = {21.12.2018}, 
  note     = {Zuletzt besucht am 21.12.2018}
}


@misc{raspberry.2018,
  author   = {{Raspberry Pi}},
  title    = {Raspberry Pi 3b+},
  url      = {https://cdn-reichelt.de/bilder/web/xxl_ws/A300/RASPBERRY_PI_3B_PLUS_001.png}, 
  urldate  = {21.12.2018}, 
  note     = {Zuletzt besucht am 21.12.2018}
}